<record><leader>00000cas a2200000 a 4500</leader><controlfield tag="001">12982876</controlfield><controlfield tag="008">860106d19131920utudn ne      0   a0eng c</controlfield><datafield ind1=" " ind2=" " tag="010"><subfield code="a">sn 85058396 </subfield></datafield><datafield ind1=" " ind2=" " tag="040"><subfield code="a">UNP</subfield><subfield code="b">eng</subfield><subfield code="c">UNP</subfield><subfield code="d">CUI</subfield><subfield code="d">OCLCQ</subfield><subfield code="d">DLC</subfield><subfield code="d">OCLCF</subfield></datafield><datafield ind1=" " ind2=" " tag="012"><subfield code="l">a</subfield></datafield><datafield ind1="0" ind2=" " tag="022"><subfield code="a">2163-4793</subfield><subfield code="2">1</subfield></datafield><datafield ind1=" " ind2=" " tag="042"><subfield code="a">pcc</subfield><subfield code="a">nsdp</subfield></datafield><datafield ind1=" " ind2=" " tag="043"><subfield code="a">n-us-ut</subfield></datafield><datafield ind1="0" ind2="0" tag="050"><subfield code="a">Newspaper</subfield></datafield><datafield ind1=" " ind2="4" tag="050"><subfield code="a">AN1</subfield><subfield code="b">.O3425</subfield></datafield><datafield ind1=" " ind2="4" tag="050"><subfield code="a">AN</subfield></datafield><datafield ind1="1" ind2="0" tag="082"><subfield code="a">070</subfield><subfield code="2">14</subfield></datafield><datafield ind1="0" ind2=" " tag="130"><subfield code="a">Ogden standard (Ogden, Utah : 1913)</subfield></datafield><datafield ind1=" " ind2="4" tag="222"><subfield code="a">The Ogden standard</subfield><subfield code="b">(Ogden, Utah. 1913)</subfield></datafield><datafield ind1="1" ind2="4" tag="245"><subfield code="a">The Ogden standard.</subfield></datafield><datafield ind1=" " ind2=" " tag="260"><subfield code="a">Ogden City, Utah :</subfield><subfield code="b">W. Glasmann,</subfield><subfield code="c">1913-1920.</subfield></datafield><datafield ind1=" " ind2=" " tag="300"><subfield code="a">8 v. :</subfield><subfield code="b">ill.</subfield></datafield><datafield ind1=" " ind2=" " tag="310"><subfield code="a">Daily (except Sun.)</subfield></datafield><datafield ind1="0" ind2=" " tag="362"><subfield code="a">43rd year, no. 100 (Apr. 28, 1913)-50th year, no. 81 (Apr. 3, 1920).</subfield></datafield><datafield ind1=" " ind2=" " tag="530"><subfield code="a">Archived issues are available in digital format as part of the Library of Congress Chronicling America online collection.</subfield></datafield><datafield ind1=" " ind2=" " tag="580"><subfield code="a">Merged with: Ogden examiner, to form: Ogden standard-examiner.</subfield></datafield><datafield ind1=" " ind2="0" tag="651"><subfield code="a">Ogden (Utah)</subfield><subfield code="v">Newspapers.</subfield></datafield><datafield ind1=" " ind2="0" tag="651"><subfield code="a">Weber County (Utah)</subfield><subfield code="v">Newspapers.</subfield></datafield><datafield ind1=" " ind2="7" tag="655"><subfield code="a">Newspapers.</subfield><subfield code="2">fast</subfield><subfield code="0">(OCoLC)fst01423814</subfield></datafield><datafield ind1=" " ind2="7" tag="651"><subfield code="a">Utah</subfield><subfield code="z">Ogden.</subfield><subfield code="2">fast</subfield><subfield code="0">(OCoLC)fst01214322</subfield></datafield><datafield ind1=" " ind2="7" tag="651"><subfield code="a">Utah</subfield><subfield code="z">Weber County.</subfield><subfield code="2">fast</subfield><subfield code="0">(OCoLC)fst01212943</subfield></datafield><datafield ind1=" " ind2=" " tag="752"><subfield code="a">United States</subfield><subfield code="b">Utah</subfield><subfield code="c">Weber</subfield><subfield code="d">Ogden.</subfield></datafield><datafield ind1="0" ind2="0" tag="780"><subfield code="t">Evening standard (Ogden, Utah)</subfield><subfield code="w">(DLC)sn 85058397</subfield><subfield code="w">(OCoLC)12982894</subfield></datafield><datafield ind1="1" ind2="7" tag="785"><subfield code="t">Ogden examiner</subfield><subfield code="w">(DLC)sn 85058395</subfield><subfield code="w">(OCoLC)12984288</subfield></datafield><datafield ind1="1" ind2="7" tag="785"><subfield code="t">Ogden standard-examiner</subfield><subfield code="w">(DLC)sn 85058393</subfield><subfield code="w">(OCoLC)12983206</subfield></datafield><datafield ind1="4" ind2="1" tag="856"><subfield code="u">http://www.loc.gov/chroniclingamerica/lccn/sn85058396/issues</subfield></datafield></record>